<?xml version="1.0" encoding="UTF-8"?><collection xmlns="http://www.loc.gov/MARC21/slim"><record><leader>00416nam--2200121-i-4500</leader><controlfield tag="001">000025765</controlfield><controlfield tag="002">20161230</controlfield><controlfield tag="005">20161230201036</controlfield><controlfield tag="008">060222s1000------------r-----000-0-eng-d</controlfield><datafield ind1=" " ind2=" " tag="080"><subfield code="a">001.891:061.62:621.384.63(047.1)</subfield></datafield><datafield ind1=" " ind2=" " tag="245"><subfield code="a">Institute for solid state physics, the uiv. of tokyo. synchrotron radiation laboratory. activity report of synchrotron radiation laboratory.1985</subfield></datafield><datafield ind1=" " ind2=" " tag="260"><subfield code="a">Tokyo, Univ., 1980</subfield></datafield><datafield ind1=" " ind2=" " tag="852"><subfield code="a">48656</subfield></datafield></record></collection>